% This file was created with JabRef 2.10b2.
% Encoding: Cp1252

@Article{hughes1980,
  Title                    = {Finite rotation effects in numerical integration of rate constitutive equations arising in large-deformation analysis},
  Author                   = {Hughes, T. J. R. and Winget, J.},
  Journal                  = {International Journal for Numerical Methods in Engineering},
  Volume                   = {15},
  Pages                    = {1862-1867},
  Year                     = {1996},
}

@Article{rubinstein1983,
  Title                    = {Objectivity of incremental constitutive relations over finite time steps in computational finite deformation analyses},
  Author                   = {Rubinstein, R. and Atluri, S. N.},
  Journal                  = {Compute Methods in Applied Mechanics and Engineering},
  Volume                   = {36},
  Pages                    = {277-290},
  Year                     = {1983},
}

@Article{flanagan1987,
  Title                    = {An accurate numerical algorithm for stress integration with finite rotations},
  Author                   = {Flanagan, D. P. and Taylor, L. M.},
  Journal                  = {Computer Methods in Applied Mechanics and Engineering},
  Volume                   = {62},
  Pages                    = {305-320},
  Year                     = {1987},
}

@Article{rashid1993,
  Title                    = {Incremental Kinematics for Finite Element Applications},
  Author                   = {Rashid, M. M.},
  Journal                  = {International Journal for Numerical Methods in Engineering},
  Volume                   = {36},
  Pages                    = {3937-3956},
  Year                     = {1993},
}

@Article{rashid1996,
  Title                    = {Incremental Objectivity in Cyclic Shearing Deformations},
  Author                   = {Rashid, M. M. and Thorne, B. J.},
  Journal                  = {Communications in Numerical Methods in Engineering},
  Volume                   = {12},
  Pages                    = {863-871},
  Year                     = {1996},
}

@Article{bazant1998,
  Title                    = {Easy-to-Compute Tensors With Symmetric Inverse Approximating Hencky Finite Strain and Its Rate},
  Author                   = {Ba\v{z}ant, Zden\v{e}k P.},
  Journal                  = {Journal of Engineering Materials and Technology},
  Volume                   = {120},
  Pages                    = {131-136},
  Year                     = {1998},
}

@Article{guo1984,
  Title                    = {Rates of stretch tensors},
  Author                   = {Guo, Zhong-Heng},
  Journal                  = {Journal of Elasticity},
  Volume                   = {14},
  Pages                    = {263-267},
  Year                     = {1984},
}

@Article{hoger1984,
  Title                    = {The derivative of the square root of a tensor and Guo's rate theorems},
  Author                   = {Hoger, Anne and Carlson, Donald E.},
  Journal                  = {Journal of Elasticity},
  Volume                   = {14},
  Pages                    = {329-336},
  Year                     = {1984},
}

@Article{carlson1986,
  Title                    = {The derivative of a tensor-valued function of a tensor},
  Author                   = {Carlson, Donald E. and Hoger, Anne},
  Journal                  = {Quarterly of Applied Mathematics},
  Volume                   = {44},
  Number                   = {3},
  Pages                    = {409-423},
  Year                     = {1986},
}

@Article{hoger1986,
  Title                    = {The material time derivative of logarithmic strain},
  Author                   = {Hoger, Anne},
  Journal                  = {International Journal of Solids and Structures},
  Volume                   = {22},
  Number                   = {9},
  Pages                    = {1019-1032},
  Year                     = {1986},
}

@Article{jog2008,
  Title                    = {The Explicit Determination of the Logarithm of a Tensor and Its Derivatives},
  Author                   = {Jog, C. S.},
  Journal                  = {Journal of Elasticity},
  Volume                   = {93},
  Pages                    = {141-148},
  Year                     = {2008},
}

@Article{danielson2014,
  Title                    = {Simple and Effective Approach for Polar Decomposition of the Deformation Gradient Tensor},
  Author                   = {Danielson, Kent T.},
  Journal                  = {Journal of Engineering Mechanics},
  Volume                   = {140},
  Number                   = {5},
  Pages                    = {04014019},
  Year                     = {2014},
}

@Article{scherzinger2008,
  Title                    = {A robust algorithm for finding the eigenvalues and eigenvectors of 3 $\times$ 3 symmetric matricies},
  Author                   = {Scherzinger, W. M. and Dohrmann, C. R.},
  Journal                  = {Computer Methods in Applied Mechanics and Engineering},
  Volume                   = {197},
  Pages                    = {4007-4015},
  Year                     = {2008},
}

@Article{fish1999,
  Title                    = {Computational aspects of incrementally objective algorithms for large deformation plasticity},
  Author                   = {Fish, Jacob and Shek, Kamlun},
  Journal                  = {International Journal for Numerical Methods in Engineering},
  Volume                   = {44},
  Pages                    = {839-851},
  Year                     = {1999},
}

@Article{kamojjala2015,
  Title                    = {Verification tests in solid mechanics},
  Author                   = {Kamojjala, K. and Brannon, R. and Sadeghirad, A. and Guilkey, J.},
  Journal                  = {Engineering with Computers},
  Volume                   = {31},
  Pages                    = {193-213},
  Year                     = {2015},
}

@Article{khoei2003,
  Title                    = {An implicit algorithm for hypoelasto-plastic and hypoelasto-viscoplastic endochronic theory in finite strain isotropic-kinematic-hardening model},
  Author                   = {Khoei, A. R. and Bakhshiani, A. and Mofid, M.},
  Journal                  = {International Journal of Solids and Structures},
  Volume                   = {40},
  Pages                    = {3393-3423},
  Year                     = {2003},
}

@Article{roy1992,
  Title                    = {On the use of polar decomposition in the integration of hypoelastic constitutive laws},
  Author                   = {Roy, Samit and Fossum, Arlo F. and Dexter, Robert J.},
  Journal                  = {International Journal of Engineering Science},
  Volume                   = {30},
  Number                   = {2},
  Pages                    = {119-133},
  Year                     = {1992},
}

@Article{rubin2011,
  Title                    = {Advantages of formulating evolution equations for elastic-viscoplastic materials in terms of the velocity gradient instead of the spin tensor},
  Author                   = {Rubin, M. B. and Papes, O.},
  Journal                  = {Journal of Mechanics of Materials and Structures},
  Volume                   = {6},
  Number                   = {1-4},
  Pages                    = {529-543},
  Year                     = {2011},
}

@Article{xiao1997,
  Title                    = {Logarithmic strain, logarithmic spin, and logarithmic rate},
  Author                   = {Xiao, H. and Bruhns, O. T. and Meyers, A.},
  Journal                  = {Acta Mechanica},
  Volume                   = {124},
  Pages                    = {89-105},
  Year                     = {1997},
}

@Article{xiao1998,
  Title                    = {On objective corotational rates and their defining spin tensors},
  Author                   = {Xiao, H. and Bruhns, O. T. and Meyers, A.},
  Journal                  = {International Journal of Solids and Structures},
  Volume                   = {35},
  Number                   = {30},
  Pages                    = {4001-4014},
  Year                     = {1998},
}

@Article{zhou2003,
  Title                    = {On the applicability and stress update formulations for corotational stress rate hypoelasticity constitutive models},
  Author                   = {Zhou, X. and Tamma, K. K.},
  Journal                  = {Finite Elements in Analysis and Design},
  Volume                   = {39},
  Pages                    = {783-816},
  Year                     = {2003},
}

@comment{jabref-meta: selector_publisher:}
@comment{jabref-meta: selector_author:}
@comment{jabref-meta: selector_journal:}
@comment{jabref-meta: selector_keywords:}